@ARTICLE{bowman:reasoning,
	AUTHOR = "Mic Bowman and Saumya K. Debray and Larry L. Peterson",
	TITLE = "Reasoning About Naming Systems",
	JOURNAL = "ACM Trans. Program. Lang. Syst.",
	VOLUME = {15},
	NUMBER = {5},
	PAGES = {795-825},
	MONTH = "November",
	YEAR = {1993}	}

@ARTICLE{braams:babel,
	AUTHOR = "Johannes Braams",
	TITLE = "Babel, a Multilingual Style-Option System for Use with LaTeX's Standard Document Styles",
	JOURNAL = {TUGboat},
	VOLUME = {12},
	NUMBER = {2},
	PAGES = {291-301},
	MONTH = "June",
	YEAR = {1991}	}

@INPROCEEDINGS{clark:pct,
	AUTHOR = "Malcolm Clark",
	TITLE = "Post Congress Tristesse",
	BOOKTITLE = "TeX90 Conference Proceedings",
	PAGES = "84-89",
	ORGANIZATION = "TeX Users Group",
	MONTH = "March", 
	YEAR = {1991}	}

@ARTICLE{herlihy:methodology,
	AUTHOR = "Maurice Herlihy",
	TITLE = "A Methodology for Implementing Highly Concurrent
	Data Objects",
	JOURNAL = {ACM Trans. Program. Lang. Syst.},
	VOLUME = {15},
	NUMBER = {5},
	PAGES = {745-770},
	MONTH = "November",
	YEAR = {1993}	}

@BOOK{Lamport:LaTeX,
	AUTHOR = "Leslie Lamport",
	TITLE = "LaTeX User's Guide and Document Reference Manual",
	PUBLISHER = "Addison-Wesley Publishing Company",
	ADDRESS = "Reading, Massachusetts",
	YEAR = "1986"	}

@BOOK{salas:calculus,
	AUTHOR = "S.L. Salas and Einar Hille",
	TITLE = "Calculus: One and Several Variable",
	PUBLISHER = "John Wiley and Sons",
	ADDRESS = "New York",
	YEAR = "1978"	}

@article{akyildiz2002survey,
  title={A survey on sensor networks},
  author={Akyildiz, Ian F and Su, Weilian and Sankarasubramaniam, Yogesh and Cayirci, Erdal},
  journal={IEEE communications magazine},
  volume={40},
  number={8},
  pages={102--114},
  year={2002},
  publisher={IEEE}
}

@article{afram2014theory,
  title={Theory and applications of HVAC control systems--A review of model predictive control (MPC)},
  author={Afram, Abdul and Janabi-Sharifi, Farrokh},
  journal={Building and Environment},
  volume={72},
  pages={343--355},
  year={2014},
  publisher={Elsevier}
}

@article{deak2012survey,
  title={A survey of active and passive indoor localisation systems},
  author={Deak, Gabriel and Curran, Kevin and Condell, Joan},
  journal={Computer Communications},
  volume={35},
  number={16},
  pages={1939--1954},
  year={2012},
  publisher={Elsevier}
}

@inproceedings{kotaru2015spotfi,
  title={Spotfi: Decimeter level localization using wifi},
  author={Kotaru, Manikanta and Joshi, Kiran and Bharadia, Dinesh and Katti, Sachin},
  booktitle={ACM SIGCOMM Computer Communication Review},
  volume={45},
  number={4},
  pages={269--282},
  year={2015},
  organization={ACM}
}

@inproceedings{diaz2010bluepass,
  title={Bluepass: An indoor bluetooth-based localization system for mobile applications},
  author={Diaz, Javier JM and Maues, Rodrigo de A and Soares, Rodrigo B and Nakamura, Eduardo F and Figueiredo, Carlos MS},
  booktitle={Computers and Communications (ISCC), 2010 IEEE Symposium on},
  pages={778--783},
  year={2010},
  organization={IEEE}
}

@article{shirehjini2012rfid,
  title={An RFID-based position and orientation measurement system for mobile objects in intelligent environments},
  author={Shirehjini, Ali Asghar Nazari and Yassine, Abdulsalam and Shirmohammadi, Shervin},
  journal={IEEE Transactions on Instrumentation and Measurement},
  volume={61},
  number={6},
  pages={1664--1675},
  year={2012},
  publisher={IEEE}
}

@inproceedings{kuo2014luxapose,
  title={Luxapose: Indoor positioning with mobile phones and visible light},
  author={Kuo, Ye-Sheng and Pannuto, Pat and Hsiao, Ko-Jen and Dutta, Prabal},
  booktitle={Proceedings of the 20th annual international conference on Mobile computing and networking},
  pages={447--458},
  year={2014},
  organization={ACM}
}

@article{gezici2005localization,
  title={Localization via ultra-wideband radios: a look at positioning aspects for future sensor networks},
  author={Gezici, Sinan and Tian, Zhi and Giannakis, Georgios B and Kobayashi, Hisashi and Molisch, Andreas F and Poor, H Vincent and Sahinoglu, Zafer},
  journal={IEEE signal processing magazine},
  volume={22},
  number={4},
  pages={70--84},
  year={2005}
}

@article{huang2015swadloon,
  title={Swadloon: Direction finding and indoor localization using acoustic signal by shaking smartphones},
  author={Huang, Wenchao and Xiong, Yan and Li, Xiang-Yang and Lin, Hao and Mao, Xufei and Yang, Panlong and Liu, Yunhao and Wang, Xingfu},
  journal={IEEE Transactions on Mobile Computing},
  volume={14},
  number={10},
  pages={2145--2157},
  year={2015},
  publisher={IEEE}
}

@article{apple,
  title={Apple developers: Available:  https://developer.  ap-ple.com/}
}
@article{zeinalipour2017anatomy,
  title={The anatomy of the anyplace indoor navigation service},
  author={Zeinalipour-Yazti, Demetrios and Laoudias, Christos},
  journal={SIGSPATIAL Special},
  volume={9},
  number={2},
  pages={3--10},
  year={2017},
  publisher={ACM}
}

@inproceedings{youssef2007challenges,
  title={Challenges: device-free passive localization for wireless environments},
  author={Youssef, Moustafa and Mah, Matthew and Agrawala, Ashok},
  booktitle={Proceedings of the 13th annual ACM international conference on Mobile computing and networking},
  pages={222--229},
  year={2007},
  organization={ACM}
}

@inproceedings{xu2013scpl,
  title={SCPL: indoor device-free multi-subject counting and localization using radio signal strength},
  author={Xu, Chenren and Firner, Bernhard and Moore, Robert S and Zhang, Yanyong and Trappe, Wade and Howard, Richard and Zhang, Feixiong and An, Ning},
  booktitle={Proceedings of the 12th international conference on Information processing in sensor networks},
  pages={79--90},
  year={2013},
  organization={ACM}
}

@article{seifeldin2013nuzzer,
  title={Nuzzer: A large-scale device-free passive localization system for wireless environments},
  author={Seifeldin, Moustafa and Saeed, Ahmed and Kosba, Ahmed E and El-Keyi, Amr and Youssef, Moustafa},
  journal={IEEE Transactions on Mobile Computing},
  volume={12},
  number={7},
  pages={1321--1334},
  year={2013},
  publisher={IEEE}
}

@inproceedings{musa2012tracking,
  title={Tracking unmodified smartphones using wi-fi monitors},
  author={Musa, ABM and Eriksson, Jakob},
  booktitle={Proceedings of the 10th ACM conference on embedded network sensor systems},
  pages={281--294},
  year={2012},
  organization={ACM}
}

@inproceedings{jeffery2006adaptive,
  title={Adaptive cleaning for RFID data streams},
  author={Jeffery, Shawn R and Garofalakis, Minos and Franklin, Michael J},
  booktitle={Proceedings of the 32nd international conference on Very large data bases},
  pages={163--174},
  year={2006},
  organization={VLDB Endowment}
}

@inproceedings{baba2016learning,
  title={Learning-based cleansing for indoor RFID data},
  author={Baba, Asif Iqbal and Jaeger, Manfred and Lu, Hua and Pedersen, Torben Bach and Ku, Wei-Shinn and Xie, Xike},
  booktitle={Proceedings of the 2016 International Conference on Management of Data},
  pages={925--936},
  year={2016},
  organization={ACM}
}

@inproceedings{tervonen2016applying,
  title={Applying and Comparing Two Measurement Approaches for the Estimation of Indoor WiFi Coverage},
  author={Tervonen, Jouni and Hartikainen, Markku and Heikkila, Marjo and Koskela, Marjut},
  booktitle={New Technologies, Mobility and Security (NTMS), 2016 8th IFIP International Conference on},
  pages={1--4},
  year={2016},
  organization={IEEE}
}